<record><leader>00000cas a2200000 a 4500</leader><controlfield tag="001">9780655</controlfield><controlfield tag="008">830805d18801902ohudr ne      0   a0eng d</controlfield><datafield ind1=" " ind2=" " tag="010"><subfield code="a">sn 87076650 </subfield></datafield><datafield ind1=" " ind2=" " tag="040"><subfield code="a">BGU</subfield><subfield code="b">eng</subfield><subfield code="c">BGU</subfield><subfield code="d">ONP</subfield><subfield code="d">OCL</subfield><subfield code="d">DLC</subfield><subfield code="d">OCLCF</subfield></datafield><datafield ind1=" " ind2=" " tag="042"><subfield code="a">msc</subfield></datafield><datafield ind1=" " ind2=" " tag="043"><subfield code="a">n-us-oh</subfield></datafield><datafield ind1="0" ind2="0" tag="245"><subfield code="a">Findlay daily Jeffersonian.</subfield></datafield><datafield ind1="1" ind2="0" tag="246"><subfield code="a">Daily Jeffersonian</subfield></datafield><datafield ind1=" " ind2=" " tag="260"><subfield code="a">Findlay, Ohio :</subfield><subfield code="b">Alfred H. Balsley,</subfield><subfield code="c">1880-1902.</subfield></datafield><datafield ind1=" " ind2=" " tag="300"><subfield code="a">v. :</subfield><subfield code="b">ill. ;</subfield><subfield code="c">54 cm.</subfield></datafield><datafield ind1=" " ind2=" " tag="310"><subfield code="a">Daily</subfield></datafield><datafield ind1="0" ind2=" " tag="362"><subfield code="a">Vol. 1, no. 1 (Nov. 15, 1880)-v. 22, no. 56 (Jan. 31, 1902).</subfield></datafield><datafield ind1=" " ind2=" " tag="500"><subfield code="a">Published as: Daily Jeffersonian, &lt;Feb. 13, 1884-Dec. 31, 1885&gt;.</subfield></datafield><datafield ind1=" " ind2=" " tag="580"><subfield code="a">Weekly eds.: Findlay Jeffersonian (Findlay, Ohio : 1870), 1880-1881; Findlay weekly Jeffersonian, 1881-1889; and Weekly Jeffersonian (Findlay, Ohio : 1899), 1889-1902.</subfield></datafield><datafield ind1=" " ind2="0" tag="651"><subfield code="a">Findlay (Ohio)</subfield><subfield code="v">Newspapers.</subfield></datafield><datafield ind1=" " ind2="7" tag="655"><subfield code="a">Newspapers.</subfield><subfield code="2">fast</subfield><subfield code="0">(OCoLC)fst01423814</subfield></datafield><datafield ind1=" " ind2="7" tag="651"><subfield code="a">Ohio</subfield><subfield code="z">Findlay.</subfield><subfield code="2">fast</subfield><subfield code="0">(OCoLC)fst01231787</subfield></datafield><datafield ind1=" " ind2=" " tag="752"><subfield code="a">United States</subfield><subfield code="b">Ohio</subfield><subfield code="c">Hancock</subfield><subfield code="d">Findlay.</subfield></datafield><datafield ind1="1" ind2=" " tag="775"><subfield code="t">Findlay Jeffersonian (Findlay, Ohio : 1870)</subfield><subfield code="x">2327-3127</subfield><subfield code="w">(DLC)sn 85026034</subfield><subfield code="w">(OCoLC)12010190</subfield></datafield><datafield ind1="1" ind2=" " tag="775"><subfield code="t">Findlay weekly Jeffersonian</subfield><subfield code="w">(DLC)sn 87076644</subfield></datafield><datafield ind1="1" ind2=" " tag="775"><subfield code="t">Weekly Jeffersonian (Findlay, Ohio : 1899)</subfield><subfield code="w">(DLC)sn 87076645</subfield></datafield><datafield ind1="0" ind2="5" tag="780"><subfield code="t">Findlay daily star</subfield><subfield code="w">(DLC)sn 87076649</subfield></datafield><datafield ind1="0" ind2="0" tag="785"><subfield code="t">Evening Jeffersonian</subfield><subfield code="w">(DLC)sn 87076651</subfield></datafield></record>